@online{103,
  title = {Versuch 103: Die Biegung elastischer Stäbe},
  urldate = "2017-12-11",
  url ="http://129.217.224.2/HOMEPAGE/PHYSIKER/BACHELOR/AP/SKRIPT/V103.pdf"
}
@online{lit_wert,
    title = {Elastizitätsmodul},
    urldate = "2017-12-11",
    url ="http://www.chemie.de/lexikon/Elastizit%C3%A4tsmodul.html"
}
@online{alu,
  title = {Aluminium},
  urldate = "2018-01-03",
  url ="http://www.chemie.de/lexikon/Aluminium.html"
}
@online{mess,
  title = {Messing},
  urldate = "2018-01-03",
  url ="http://www.chemie.de/lexikon/Messing.html"
}
